@article{Hellier_2011,
	doi = {10.1051/0004-6361/201117081},
  
	url = {https://doi.org/10.1051%2F0004-6361%2F201117081},
  
	year = 2011,
	month = {nov},
  
	publisher = {{EDP} Sciences},
  
	volume = {535},
  
	pages = {L7},
  
	author = {C. Hellier and D. R. Anderson and A. Collier Cameron and M. Gillon and E. Jehin and M. Lendl and P. F. L. Maxted and F. Pepe and D. Pollacco and D. Queloz and D. S{\'{e}
}gransan and B. Smalley and A. M. S. Smith and J. Southworth and A. H. M. J. Triaud and S. Udry and R. G. West},
  
	title = {{WASP}-43b: the closest-orbiting hot Jupiter},
  
	journal = {Astronomy {\&} Astrophysics}
}

@article{Gillon_2012,
	doi = {10.1051/0004-6361/201218817},
  
	url = {https://doi.org/10.1051%2F0004-6361%2F201218817},
  
	year = 2012,
	month = {may},
  
	publisher = {{EDP} Sciences},
  
	volume = {542},
  
	pages = {A4},
  
	author = {M. Gillon and A. H. M. J. Triaud and J. J. Fortney and B.-O. Demory and E. Jehin and M. Lendl and P. Magain and P. Kabath and D. Queloz and R. Alonso and D. R. Anderson and A. Collier Cameron and A. Fumel and L. Hebb and C. Hellier and A. Lanotte and P. F. L. Maxted and N. Mowlavi and B. Smalley},
  
	title = {The {TRAPPIST} survey of southern transiting planets},
  
	journal = {Astronomy {\&} Astrophysics}
}

@article{Kumar_2022,
	doi = {10.3847/1538-3881/ac7bea},
  
	url = {https://doi.org/10.3847%2F1538-3881%2Fac7bea},
  
	year = 2022,
	month = {aug},
  
	publisher = {American Astronomical Society},
  
	volume = {164},
  
	number = {3},
  
	pages = {90},
  
	author = {Harsh Kumar and Varun Bhalerao and G. C. Anupama and Sudhanshu Barway and Judhajeet Basu and Kunal Deshmukh and Kishalay De and Anirban Dutta and Christoffer Fremling and Hrishikesh Iyer and Adeem Jassani and Simran Joharle and Viraj Karambelkar and Maitreya Khandagale and K Adithya Krishna and Sumeet Kulkarni and Sujay Mate and Atharva Patil and DVS Phanindra and Subham Samantaray and Kritti Sharma and Yashvi Sharma and Vedant Shenoy and Avinash Singh and Shubham Srivastava and Vishwajeet Swain and Gaurav Waratkar and Dorje Angchuk and Padma Dorjay and Tsewang Dorjai and Tsewang Gyalson and Sonam Jorphail and Tashi Thsering Mahay and Rigzin Norbu and Tarun Kumar Sharma and Jigmet Stanzin and Tsewang Stanzin and Urgain Stanzin},
  
	title = {India's First Robotic Eye for Time-domain Astrophysics: The {GROWTH}-India Telescope},
  
	journal = {The Astronomical Journal}
}

@MISC{2013ascl.soft06007J,
       author = {{Jensen}, Eric},
        title = "{Tapir: A web interface for transit/eclipse observability}",
     keywords = {Software},
 howpublished = {Astrophysics Source Code Library, record ascl:1306.007},
         year = 2013,
        month = jun,
          eid = {ascl:1306.007},
        pages = {ascl:1306.007},
archivePrefix = {ascl},
       eprint = {1306.007},
       adsurl = {https://ui.adsabs.harvard.edu/abs/2013ascl.soft06007J},
      adsnote = {Provided by the SAO/NASA Astrophysics Data System}
}

@software{larry_bradley_2022_6825092,
author       = {Larry Bradley and
                Brigitta Sipőcz and
                Thomas Robitaille and
                Erik Tollerud and
                Zé Vinícius and
                Christoph Deil and
                Kyle Barbary and
                Tom J Wilson and
                Ivo Busko and
                Axel Donath and
                Hans Moritz Günther and
                Mihai Cara and
                P. L. Lim and
                Sebastian Meßlinger and
                Simon Conseil and
                Azalee Bostroem and
                Michael Droettboom and
                E. M. Bray and
                Lars Andersen Bratholm and
                Geert Barentsen and
                Matt Craig and
                Shivangee Rathi and
                Sergio Pascual and
                Gabriel Perren and
                Iskren Y. Georgiev and
                Miguel de Val-Borro and
                Wolfgang Kerzendorf and
                Yoonsoo P. Bach and
                Bruno Quint and
                Harrison Souchereau},
title        = {astropy/photutils: 1.5.0},
month        = jul,
year         = 2022,
publisher    = {Zenodo},
version      = {1.5.0},
doi          = {10.5281/zenodo.6825092},
url          = {https://doi.org/10.5281/zenodo.6825092}
}

@article{astropy:2013,
Adsnote = {Provided by the SAO/NASA Astrophysics Data System},
Adsurl = {http://adsabs.harvard.edu/abs/2013A%26A...558A..33A},
Archiveprefix = {arXiv},
Author = {{Astropy Collaboration} and {Robitaille}, T.~P. and {Tollerud}, E.~J. and {Greenfield}, P. and {Droettboom}, M. and {Bray}, E. and {Aldcroft}, T. and {Davis}, M. and {Ginsburg}, A. and {Price-Whelan}, A.~M. and {Kerzendorf}, W.~E. and {Conley}, A. and {Crighton}, N. and {Barbary}, K. and {Muna}, D. and {Ferguson}, H. and {Grollier}, F. and {Parikh}, M.~M. and {Nair}, P.~H. and {Unther}, H.~M. and {Deil}, C. and {Woillez}, J. and {Conseil}, S. and {Kramer}, R. and {Turner}, J.~E.~H. and {Singer}, L. and {Fox}, R. and {Weaver}, B.~A. and {Zabalza}, V. and {Edwards}, Z.~I. and {Azalee Bostroem}, K. and {Burke}, D.~J. and {Casey}, A.~R. and {Crawford}, S.~M. and {Dencheva}, N. and {Ely}, J. and {Jenness}, T. and {Labrie}, K. and {Lim}, P.~L. and {Pierfederici}, F. and {Pontzen}, A. and {Ptak}, A. and {Refsdal}, B. and {Servillat}, M. and {Streicher}, O.},
Doi = {10.1051/0004-6361/201322068},
Eid = {A33},
Eprint = {1307.6212},
Journal = {\aap},
Keywords = {methods: data analysis, methods: miscellaneous, virtual observatory tools},
Month = oct,
Pages = {A33},
Primaryclass = {astro-ph.IM},
Title = {{Astropy: A community Python package for astronomy}},
Volume = 558,
Year = 2013,
Bdsk-Url-1 = {https://dx.doi.org/10.1051/0004-6361/201322068}}

@ARTICLE{astropy:2018,
       author = {{Astropy Collaboration} and {Price-Whelan}, A.~M. and
         {Sip{\H{o}}cz}, B.~M. and {G{\"u}nther}, H.~M. and {Lim}, P.~L. and
         {Crawford}, S.~M. and {Conseil}, S. and {Shupe}, D.~L. and
         {Craig}, M.~W. and {Dencheva}, N. and {Ginsburg}, A. and {Vand
        erPlas}, J.~T. and {Bradley}, L.~D. and {P{\'e}rez-Su{\'a}rez}, D. and
         {de Val-Borro}, M. and {Aldcroft}, T.~L. and {Cruz}, K.~L. and
         {Robitaille}, T.~P. and {Tollerud}, E.~J. and {Ardelean}, C. and
         {Babej}, T. and {Bach}, Y.~P. and {Bachetti}, M. and {Bakanov}, A.~V. and
         {Bamford}, S.~P. and {Barentsen}, G. and {Barmby}, P. and
         {Baumbach}, A. and {Berry}, K.~L. and {Biscani}, F. and {Boquien}, M. and
         {Bostroem}, K.~A. and {Bouma}, L.~G. and {Brammer}, G.~B. and
         {Bray}, E.~M. and {Breytenbach}, H. and {Buddelmeijer}, H. and
         {Burke}, D.~J. and {Calderone}, G. and {Cano Rodr{\'\i}guez}, J.~L. and
         {Cara}, M. and {Cardoso}, J.~V.~M. and {Cheedella}, S. and {Copin}, Y. and
         {Corrales}, L. and {Crichton}, D. and {D'Avella}, D. and {Deil}, C. and
         {Depagne}, {\'E}. and {Dietrich}, J.~P. and {Donath}, A. and
         {Droettboom}, M. and {Earl}, N. and {Erben}, T. and {Fabbro}, S. and
         {Ferreira}, L.~A. and {Finethy}, T. and {Fox}, R.~T. and
         {Garrison}, L.~H. and {Gibbons}, S.~L.~J. and {Goldstein}, D.~A. and
         {Gommers}, R. and {Greco}, J.~P. and {Greenfield}, P. and
         {Groener}, A.~M. and {Grollier}, F. and {Hagen}, A. and {Hirst}, P. and
         {Homeier}, D. and {Horton}, A.~J. and {Hosseinzadeh}, G. and {Hu}, L. and
         {Hunkeler}, J.~S. and {Ivezi{\'c}}, {\v{Z}}. and {Jain}, A. and
         {Jenness}, T. and {Kanarek}, G. and {Kendrew}, S. and {Kern}, N.~S. and
         {Kerzendorf}, W.~E. and {Khvalko}, A. and {King}, J. and {Kirkby}, D. and
         {Kulkarni}, A.~M. and {Kumar}, A. and {Lee}, A. and {Lenz}, D. and
         {Littlefair}, S.~P. and {Ma}, Z. and {Macleod}, D.~M. and
         {Mastropietro}, M. and {McCully}, C. and {Montagnac}, S. and
         {Morris}, B.~M. and {Mueller}, M. and {Mumford}, S.~J. and {Muna}, D. and
         {Murphy}, N.~A. and {Nelson}, S. and {Nguyen}, G.~H. and
         {Ninan}, J.~P. and {N{\"o}the}, M. and {Ogaz}, S. and {Oh}, S. and
         {Parejko}, J.~K. and {Parley}, N. and {Pascual}, S. and {Patil}, R. and
         {Patil}, A.~A. and {Plunkett}, A.~L. and {Prochaska}, J.~X. and
         {Rastogi}, T. and {Reddy Janga}, V. and {Sabater}, J. and
         {Sakurikar}, P. and {Seifert}, M. and {Sherbert}, L.~E. and
         {Sherwood-Taylor}, H. and {Shih}, A.~Y. and {Sick}, J. and
         {Silbiger}, M.~T. and {Singanamalla}, S. and {Singer}, L.~P. and
         {Sladen}, P.~H. and {Sooley}, K.~A. and {Sornarajah}, S. and
         {Streicher}, O. and {Teuben}, P. and {Thomas}, S.~W. and
         {Tremblay}, G.~R. and {Turner}, J.~E.~H. and {Terr{\'o}n}, V. and
         {van Kerkwijk}, M.~H. and {de la Vega}, A. and {Watkins}, L.~L. and
         {Weaver}, B.~A. and {Whitmore}, J.~B. and {Woillez}, J. and
         {Zabalza}, V. and {Astropy Contributors}},
        title = "{The Astropy Project: Building an Open-science Project and Status of the v2.0 Core Package}",
      journal = {\aj},
     keywords = {methods: data analysis, methods: miscellaneous, methods: statistical, reference systems, Astrophysics - Instrumentation and Methods for Astrophysics},
         year = 2018,
        month = sep,
       volume = {156},
       number = {3},
          eid = {123},
        pages = {123},
          doi = {10.3847/1538-3881/aabc4f},
archivePrefix = {arXiv},
       eprint = {1801.02634},
 primaryClass = {astro-ph.IM},
       adsurl = {https://ui.adsabs.harvard.edu/abs/2018AJ....156..123A},
      adsnote = {Provided by the SAO/NASA Astrophysics Data System}
}

@ARTICLE{astropy:2022,
       author = {{Astropy Collaboration} and {Price-Whelan}, Adrian M. and {Lim}, Pey Lian and {Earl}, Nicholas and {Starkman}, Nathaniel and {Bradley}, Larry and {Shupe}, David L. and {Patil}, Aarya A. and {Corrales}, Lia and {Brasseur}, C.~E. and {N{"o}the}, Maximilian and {Donath}, Axel and {Tollerud}, Erik and {Morris}, Brett M. and {Ginsburg}, Adam and {Vaher}, Eero and {Weaver}, Benjamin A. and {Tocknell}, James and {Jamieson}, William and {van Kerkwijk}, Marten H. and {Robitaille}, Thomas P. and {Merry}, Bruce and {Bachetti}, Matteo and {G{"u}nther}, H. Moritz and {Aldcroft}, Thomas L. and {Alvarado-Montes}, Jaime A. and {Archibald}, Anne M. and {B{'o}di}, Attila and {Bapat}, Shreyas and {Barentsen}, Geert and {Baz{'a}n}, Juanjo and {Biswas}, Manish and {Boquien}, M{'e}d{'e}ric and {Burke}, D.~J. and {Cara}, Daria and {Cara}, Mihai and {Conroy}, Kyle E. and {Conseil}, Simon and {Craig}, Matthew W. and {Cross}, Robert M. and {Cruz}, Kelle L. and {D'Eugenio}, Francesco and {Dencheva}, Nadia and {Devillepoix}, Hadrien A.~R. and {Dietrich}, J{"o}rg P. and {Eigenbrot}, Arthur Davis and {Erben}, Thomas and {Ferreira}, Leonardo and {Foreman-Mackey}, Daniel and {Fox}, Ryan and {Freij}, Nabil and {Garg}, Suyog and {Geda}, Robel and {Glattly}, Lauren and {Gondhalekar}, Yash and {Gordon}, Karl D. and {Grant}, David and {Greenfield}, Perry and {Groener}, Austen M. and {Guest}, Steve and {Gurovich}, Sebastian and {Handberg}, Rasmus and {Hart}, Akeem and {Hatfield-Dodds}, Zac and {Homeier}, Derek and {Hosseinzadeh}, Griffin and {Jenness}, Tim and {Jones}, Craig K. and {Joseph}, Prajwel and {Kalmbach}, J. Bryce and {Karamehmetoglu}, Emir and {Ka{l}uszy{'n}ski}, Miko{l}aj and {Kelley}, Michael S.~P. and {Kern}, Nicholas and {Kerzendorf}, Wolfgang E. and {Koch}, Eric W. and {Kulumani}, Shankar and {Lee}, Antony and {Ly}, Chun and {Ma}, Zhiyuan and {MacBride}, Conor and {Maljaars}, Jakob M. and {Muna}, Demitri and {Murphy}, N.~A. and {Norman}, Henrik and {O'Steen}, Richard and {Oman}, Kyle A. and {Pacifici}, Camilla and {Pascual}, Sergio and {Pascual-Granado}, J. and {Patil}, Rohit R. and {Perren}, Gabriel I. and {Pickering}, Timothy E. and {Rastogi}, Tanuj and {Roulston}, Benjamin R. and {Ryan}, Daniel F. and {Rykoff}, Eli S. and {Sabater}, Jose and {Sakurikar}, Parikshit and {Salgado}, Jes{'u}s and {Sanghi}, Aniket and {Saunders}, Nicholas and {Savchenko}, Volodymyr and {Schwardt}, Ludwig and {Seifert-Eckert}, Michael and {Shih}, Albert Y. and {Jain}, Anany Shrey and {Shukla}, Gyanendra and {Sick}, Jonathan and {Simpson}, Chris and {Singanamalla}, Sudheesh and {Singer}, Leo P. and {Singhal}, Jaladh and {Sinha}, Manodeep and {Sip{H{o}}cz}, Brigitta M. and {Spitler}, Lee R. and {Stansby}, David and {Streicher}, Ole and {{{S}}umak}, Jani and {Swinbank}, John D. and {Taranu}, Dan S. and {Tewary}, Nikita and {Tremblay}, Grant R. and {Val-Borro}, Miguel de and {Van Kooten}, Samuel J. and {Vasovi{'c}}, Zlatan and {Verma}, Shresth and {de Miranda Cardoso}, Jos{'e} Vin{'i}cius and {Williams}, Peter K.~G. and {Wilson}, Tom J. and {Winkel}, Benjamin and {Wood-Vasey}, W.~M. and {Xue}, Rui and {Yoachim}, Peter and {Zhang}, Chen and {Zonca}, Andrea and {Astropy Project Contributors}},
        title = "{The Astropy Project: Sustaining and Growing a Community-oriented Open-source Project and the Latest Major Release (v5.0) of the Core Package}",
      journal = {apj},
     keywords = {Astronomy software, Open source software, Astronomy data analysis, 1855, 1866, 1858, Astrophysics - Instrumentation and Methods for Astrophysics},
         year = 2022,
        month = aug,
       volume = {935},
       number = {2},
          eid = {167},
        pages = {167},
          doi = {10.3847/1538-4357/ac7c74},
archivePrefix = {arXiv},
       eprint = {2206.14220},
 primaryClass = {astro-ph.IM},
       adsurl = {https://ui.adsabs.harvard.edu/abs/2022ApJ...935..167A},
      adsnote = {Provided by the SAO/NASA Astrophysics Data System}
}

@article{exoplanet:joss,
       author = {{Foreman-Mackey}, Daniel and {Luger}, Rodrigo and {Agol}, Eric
                and {Barclay}, Thomas and {Bouma}, Luke G. and {Brandt},
                Timothy D. and {Czekala}, Ian and {David}, Trevor J. and
                {Dong}, Jiayin and {Gilbert}, Emily A. and {Gordon}, Tyler A.
                and {Hedges}, Christina and {Hey}, Daniel R. and {Morris},
                Brett M. and {Price-Whelan}, Adrian M. and {Savel}, Arjun B.},
        title = "{exoplanet: Gradient-based probabilistic inference for
                  exoplanet data \& other astronomical time series}",
      journal = {arXiv e-prints},
         year = 2021,
        month = may,
          eid = {arXiv:2105.01994},
        pages = {arXiv:2105.01994},
archivePrefix = {arXiv},
       eprint = {2105.01994},
 primaryClass = {astro-ph.IM},
       adsurl = {https://ui.adsabs.harvard.edu/abs/2021arXiv210501994F},
      adsnote = {Provided by the SAO/NASA Astrophysics Data System}
}

@misc{exoplanet:zenodo,
  author = {Daniel Foreman-Mackey and Arjun Savel and Rodrigo Luger  and
            Eric Agol and Ian Czekala and Adrian Price-Whelan and
            Christina Hedges and Emily Gilbert and Luke Bouma
            and Timothy D. Brandt and Tom Barclay},
   title = {exoplanet-dev/exoplanet v0.5.1},
   month = jun,
    year = 2021,
     doi = {10.5281/zenodo.1998447},
     url = {https://doi.org/10.5281/zenodo.1998447}
}


@article{exoplanet:pymc3,
    title={Probabilistic programming in Python using PyMC3},
   author={Salvatier, John and Wiecki, Thomas V and Fonnesbeck, Christopher},
  journal={PeerJ Computer Science},
   volume={2},
    pages={e55},
     year={2016},
publisher={PeerJ Inc.}
}


@article{exoplanet:theano,
    title="{Theano: A {Python} framework for fast computation of mathematical
            expressions}",
   author={{Theano Development Team}},
  journal={arXiv e-prints},
   volume={abs/1605.02688},
     year=2016,
    month=may,
      url={http://arxiv.org/abs/1605.02688}
}


@article{exoplanet:arviz,
    title={{ArviZ} a unified library for exploratory analysis of {Bayesian}
           models in {Python}},
   author={Kumar, Ravin and Carroll, Colin and Hartikainen, Ari and Martin,
           Osvaldo A.},
  journal={The Journal of Open Source Software},
     year=2019,
      doi={10.21105/joss.01143},
      url={http://joss.theoj.org/papers/10.21105/joss.01143}
}


@article{exoplanet:astropy13,
   author = {{Astropy Collaboration} and {Robitaille}, T.~P. and {Tollerud},
             E.~J. and {Greenfield}, P. and {Droettboom}, M. and {Bray}, E. and
             {Aldcroft}, T. and {Davis}, M. and {Ginsburg}, A. and
             {Price-Whelan}, A.~M. and {Kerzendorf}, W.~E. and {Conley}, A. and
             {Crighton}, N. and {Barbary}, K. and {Muna}, D. and {Ferguson}, H.
             and {Grollier}, F. and {Parikh}, M.~M. and {Nair}, P.~H. and
             {Unther}, H.~M. and {Deil}, C. and {Woillez}, J. and {Conseil}, S.
             and {Kramer}, R. and {Turner}, J.~E.~H. and {Singer}, L. and
             {Fox}, R. and {Weaver}, B.~A. and {Zabalza}, V. and {Edwards},
             Z.~I. and {Azalee Bostroem}, K. and {Burke}, D.~J. and {Casey},
             A.~R. and {Crawford}, S.~M. and {Dencheva}, N. and {Ely}, J. and
             {Jenness}, T. and {Labrie}, K. and {Lim}, P.~L. and
             {Pierfederici}, F. and {Pontzen}, A. and {Ptak}, A. and {Refsdal},
             B. and {Servillat}, M. and {Streicher}, O.},
    title = "{Astropy: A community Python package for astronomy}",
  journal = {\aap},
     year = 2013,
    month = oct,
   volume = 558,
    pages = {A33},
      doi = {10.1051/0004-6361/201322068},
   adsurl = {http://adsabs.harvard.edu/abs/2013A%26A...558A..33A},
  adsnote = {Provided by the SAO/NASA Astrophysics Data System}
}

@article{exoplanet:astropy18,
   author = {{Astropy Collaboration} and {Price-Whelan}, A.~M. and
             {Sip{\H o}cz}, B.~M. and {G{\"u}nther}, H.~M. and {Lim}, P.~L. and
             {Crawford}, S.~M. and {Conseil}, S. and {Shupe}, D.~L. and
             {Craig}, M.~W. and {Dencheva}, N. and {Ginsburg}, A. and
             {VanderPlas}, J.~T. and {Bradley}, L.~D. and
             {P{\'e}rez-Su{\'a}rez}, D. and {de Val-Borro}, M.
             and {Aldcroft}, T.~L. and {Cruz}, K.~L. and {Robitaille}, T.~P.
             and {Tollerud}, E.~J. and {Ardelean}, C. and {Babej}, T. and
             {Bach}, Y.~P. and {Bachetti}, M. and {Bakanov}, A.~V. and
             {Bamford}, S.~P. and {Barentsen}, G. and {Barmby}, P. and
             {Baumbach}, A. and {Berry}, K.~L.  and {Biscani}, F. and
             {Boquien}, M. and {Bostroem}, K.~A. and {Bouma}, L.~G. and
             {Brammer}, G.~B. and {Bray}, E.~M. and {Breytenbach}, H. and
             {Buddelmeijer}, H. and {Burke}, D.~J. and {Calderone}, G. and
             {Cano Rodr{\'{\i}}guez}, J.~L. and {Cara}, M. and {Cardoso},
             J.~V.~M. and {Cheedella}, S. and {Copin}, Y. and {Corrales}, L.
             and {Crichton}, D. and {D'Avella}, D. and {Deil}, C. and
             {Depagne}, {\'E}. and {Dietrich}, J.~P. and {Donath}, A. and
             {Droettboom}, M. and {Earl}, N. and {Erben}, T. and {Fabbro}, S.
             and {Ferreira}, L.~A. and {Finethy}, T. and {Fox}, R.~T. and
             {Garrison}, L.~H. and {Gibbons}, S.~L.~J. and {Goldstein}, D.~A.
             and {Gommers}, R. and {Greco}, J.~P. and {Greenfield}, P. and
             {Groener}, A.~M. and {Grollier}, F. and {Hagen}, A. and {Hirst},
             P. and {Homeier}, D. and {Horton}, A.~J. and {Hosseinzadeh}, G.
             and {Hu}, L. and {Hunkeler}, J.~S. and {Ivezi{\'c}}, {\v Z}. and
             {Jain}, A. and {Jenness}, T. and {Kanarek}, G. and {Kendrew}, S.
             and {Kern}, N.~S. and {Kerzendorf}, W.~E. and {Khvalko}, A. and
             {King}, J. and {Kirkby}, D. and {Kulkarni}, A.~M. and {Kumar}, A.
             and {Lee}, A.  and {Lenz}, D.  and {Littlefair}, S.~P. and {Ma},
             Z. and {Macleod}, D.~M. and {Mastropietro}, M. and {McCully}, C.
             and {Montagnac}, S. and {Morris}, B.~M. and {Mueller}, M. and
             {Mumford}, S.~J. and {Muna}, D. and {Murphy}, N.~A. and {Nelson},
             S. and {Nguyen}, G.~H. and {Ninan}, J.~P. and {N{\"o}the}, M. and
             {Ogaz}, S. and {Oh}, S. and {Parejko}, J.~K.  and {Parley}, N. and
             {Pascual}, S. and {Patil}, R. and {Patil}, A.~A.  and {Plunkett},
             A.~L. and {Prochaska}, J.~X. and {Rastogi}, T. and {Reddy Janga},
             V. and {Sabater}, J.  and {Sakurikar}, P. and {Seifert}, M. and
             {Sherbert}, L.~E. and {Sherwood-Taylor}, H. and {Shih}, A.~Y. and
             {Sick}, J. and {Silbiger}, M.~T. and {Singanamalla}, S. and
             {Singer}, L.~P. and {Sladen}, P.~H. and {Sooley}, K.~A. and
             {Sornarajah}, S. and {Streicher}, O. and {Teuben}, P. and
             {Thomas}, S.~W. and {Tremblay}, G.~R. and {Turner}, J.~E.~H. and
             {Terr{\'o}n}, V.  and {van Kerkwijk}, M.~H. and {de la Vega}, A.
             and {Watkins}, L.~L. and {Weaver}, B.~A. and {Whitmore}, J.~B. and
             {Woillez}, J.  and {Zabalza}, V. and {Astropy Contributors}},
    title = "{The Astropy Project: Building an Open-science Project and Status
              of the v2.0 Core Package}",
  journal = {\aj},
     year = 2018,
    month = sep,
   volume = 156,
    pages = {123},
      doi = {10.3847/1538-3881/aabc4f},
   adsurl = {http://adsabs.harvard.edu/abs/2018AJ....156..123A},
  adsnote = {Provided by the SAO/NASA Astrophysics Data System}
}


@article{exoplanet:luger18,
   author = {{Luger}, R. and {Agol}, E. and {Foreman-Mackey}, D. and {Fleming},
             D.~P. and {Lustig-Yaeger}, J. and {Deitrick}, R.},
    title = "{starry: Analytic Occultation Light Curves}",
  journal = {\aj},
     year = 2019,
    month = feb,
   volume = 157,
    pages = {64},
      doi = {10.3847/1538-3881/aae8e5},
   adsurl = {http://adsabs.harvard.edu/abs/2019AJ....157...64L},
  adsnote = {Provided by the SAO/NASA Astrophysics Data System}
}

@article{exoplanet:agol20,
   author = {{Agol}, Eric and {Luger}, Rodrigo and {Foreman-Mackey}, Daniel},
    title = "{Analytic Planetary Transit Light Curves and Derivatives for
              Stars with Polynomial Limb Darkening}",
  journal = {\aj},
     year = 2020,
    month = mar,
   volume = {159},
   number = {3},
    pages = {123},
      doi = {10.3847/1538-3881/ab4fee},
   adsurl = {https://ui.adsabs.harvard.edu/abs/2020AJ....159..123A},
  adsnote = {Provided by the SAO/NASA Astrophysics Data System}
}

    @article{corner,
      doi = {10.21105/joss.00024},
      url = {https://doi.org/10.21105/joss.00024},
      year  = {2016},
      month = {jun},
      publisher = {The Open Journal},
      volume = {1},
      number = {2},
      pages = {24},
      author = {Daniel Foreman-Mackey},
      title = {corner.py: Scatterplot matrices in Python},
      journal = {The Journal of Open Source Software}
    }